@article{zhou2015predicting,
  title={Predicting effects of noncoding variants with deep learning--based sequence model},
  author={Zhou, Jian and Troyanskaya, Olga G},
  journal={Nature methods},
  volume={12},
  number={10},
  pages={931},
  year={2015},
  publisher={Nature Publishing Group}
}
@article{doi:10.1093/nar/gkx1106,
author = {Kulakovskiy, Ivan V and Vorontsov, Ilya E and Yevshin, Ivan S and Sharipov, Ruslan N and Fedorova, Alla D and Rumynskiy, Eugene I and Medvedeva, Yulia A and Magana-Mora, Arturo and Bajic, Vladimir B and Papatsenko, Dmitry A and Kolpakov, Fedor A and Makeev, Vsevolod J},
title = {HOCOMOCO: towards a complete collection of transcription factor binding models for human and mouse via large-scale ChIP-Seq analysis},
journal = {Nucleic Acids Research},
volume = {46},
number = {D1},
pages = {D252-D259},
year = {2018},
doi = {10.1093/nar/gkx1106},
URL = { + http://dx.doi.org/10.1093/nar/gkx1106},
eprint = {/oup/backfile/content_public/journal/nar/46/d1/10.1093_nar_gkx1106/2/gkx1106.pdf}
}